<?xml version="1.0" encoding="UTF-8"?><collection xmlns="http://www.loc.gov/MARC21/slim"><record><leader>00446nam--2200169-i-4500</leader><controlfield tag="001">000013706</controlfield><controlfield tag="002">20161230</controlfield><controlfield tag="005">20170121220821</controlfield><controlfield tag="008">060222s1000------------r-----000-0-eng-d</controlfield><datafield ind1=" " ind2=" " tag="080"><subfield code="a">514.763.42</subfield></datafield><datafield ind1=" " ind2=" " tag="245"><subfield code="a">Complex manifold techniques in theoretical physics</subfield></datafield><datafield ind1=" " ind2=" " tag="260"><subfield code="a">San Francisco</subfield><subfield code="b">Pitman Advanced Publishing Program</subfield><subfield code="c">1979</subfield></datafield><datafield ind1=" " ind2=" " tag="300"><subfield code="a">242 p</subfield></datafield><datafield ind1=" " ind2=" " tag="490"><subfield code="a">32</subfield></datafield><datafield ind1=" " ind2=" " tag="700"><subfield code="a">Sommers, P. D</subfield></datafield><datafield ind1=" " ind2=" " tag="852"><subfield code="a">49165</subfield></datafield><datafield ind1=" " ind2=" " tag="CAT"><subfield code="a">SYS</subfield><subfield code="c">20170121</subfield><subfield code="h">220821</subfield></datafield></record></collection>